<marc:records xmlns:marc="http://www.loc.gov/MARC21/slim" xmlns:xsi="http://www.w3.org/2001/XMLSchema-instance" xsi:schemaLocation="http://www.loc.gov/MARC21/slim http://www.loc.gov/standards/marcxml/schema/MARC21slim.xsd">
  <marc:record>
    <marc:leader>01554ctm a2200361Mi 4500</marc:leader>
    <marc:controlfield tag="001">993181873503681</marc:controlfield>
    <marc:controlfield tag="005">20191028143638.0</marc:controlfield>
    <marc:controlfield tag="008">830225s1823 xx m 000 0 eng d</marc:controlfield>
    <marc:datafield ind1=" " ind2=" " tag="035">
      <marc:subfield code="a">(OCoLC)13610637</marc:subfield>
    </marc:datafield>
    <marc:datafield ind1=" " ind2=" " tag="035">
      <marc:subfield code="a">(OCoLC)ocm13610637 </marc:subfield>
    </marc:datafield>
    <marc:datafield ind1=" " ind2=" " tag="035">
      <marc:subfield code="a">(PU)318187-penndb-Voyager</marc:subfield>
    </marc:datafield>
    <marc:datafield ind1=" " ind2=" " tag="040">
      <marc:subfield code="a">PAU</marc:subfield>
      <marc:subfield code="b">eng</marc:subfield>
      <marc:subfield code="e">rda</marc:subfield>
      <marc:subfield code="c">PAU</marc:subfield>
      <marc:subfield code="d">OCLCQ</marc:subfield>
      <marc:subfield code="d">OCLCO</marc:subfield>
      <marc:subfield code="d">OCLCF</marc:subfield>
    </marc:datafield>
    <marc:datafield ind1="1" ind2=" " tag="100">
      <marc:subfield code="a">Lynch, Micajah T.</marc:subfield>
      <marc:subfield code="e">author.</marc:subfield>
    </marc:datafield>
    <marc:datafield ind1="1" ind2="3" tag="245">
      <marc:subfield code="a">An account of the Epidemic Fever as it occurred in Botetourt County Virginia during the summer of the year eighteen hundred and twenty-one /</marc:subfield>
      <marc:subfield code="c">By M. T. Lynch.</marc:subfield>
    </marc:datafield>
    <marc:datafield ind1=" " ind2="0" tag="264">
      <marc:subfield code="c">1823.</marc:subfield>
    </marc:datafield>
    <marc:datafield ind1=" " ind2=" " tag="300">
      <marc:subfield code="a">10 leaves ;</marc:subfield>
      <marc:subfield code="c">25 cm</marc:subfield>
    </marc:datafield>
    <marc:datafield ind1=" " ind2=" " tag="336">
      <marc:subfield code="a">text</marc:subfield>
      <marc:subfield code="b">txt</marc:subfield>
      <marc:subfield code="2">rdacontent</marc:subfield>
    </marc:datafield>
    <marc:datafield ind1=" " ind2=" " tag="337">
      <marc:subfield code="a">unmediated</marc:subfield>
      <marc:subfield code="b">n</marc:subfield>
      <marc:subfield code="2">rdamedia</marc:subfield>
    </marc:datafield>
    <marc:datafield ind1=" " ind2=" " tag="338">
      <marc:subfield code="a">volume</marc:subfield>
      <marc:subfield code="b">nc</marc:subfield>
      <marc:subfield code="2">rdacarrier</marc:subfield>
    </marc:datafield>
    <marc:datafield ind1=" " ind2=" " tag="500">
      <marc:subfield code="a">"Passed March 22d 1823"--title page.</marc:subfield>
    </marc:datafield>
    <marc:datafield ind1=" " ind2=" " tag="500">
      <marc:subfield code="a">Volume 16 number 4 in a collection of University of Pennsylvania medical dissertations bound together.</marc:subfield>
    </marc:datafield>
    <marc:datafield ind1=" " ind2=" " tag="502">
      <marc:subfield code="a">Dissertation (M.D.)--School of Medicine, University of Pennsylvania, 1823.</marc:subfield>
    </marc:datafield>
    <marc:datafield ind1=" " ind2="0" tag="650">
      <marc:subfield code="a">Fever</marc:subfield>
      <marc:subfield code="z">Virginia</marc:subfield>
      <marc:subfield code="z">Botetourt County.</marc:subfield>
    </marc:datafield>
    <marc:datafield ind1=" " ind2="4" tag="650">
      <marc:subfield code="5">PU</marc:subfield>
    </marc:datafield>
    <marc:datafield ind1=" " ind2="4" tag="650">
      <marc:subfield code="a">Medicine</marc:subfield>
      <marc:subfield code="x">Penn dissertations.</marc:subfield>
    </marc:datafield>
    <marc:datafield ind1=" " ind2="4" tag="650">
      <marc:subfield code="a">Penn dissertations</marc:subfield>
      <marc:subfield code="x">Medicine.</marc:subfield>
    </marc:datafield>
    <marc:datafield ind1=" " ind2=" " tag="651">
      <marc:subfield code="y">1823</marc:subfield>
    </marc:datafield>
    <marc:datafield ind1=" " ind2="7" tag="655">
      <marc:subfield code="a">Academic theses.</marc:subfield>
      <marc:subfield code="2">lcgft</marc:subfield>
    </marc:datafield>
    <marc:datafield ind1=" " ind2="7" tag="655">
      <marc:subfield code="a">Academic theses.</marc:subfield>
      <marc:subfield code="2">fast</marc:subfield>
      <marc:subfield code="0">(OCoLC)fst01726453</marc:subfield>
    </marc:datafield>
    <marc:datafield ind1=" " ind2="0" tag="655">
      <marc:subfield code="a">Manuscripts, American</marc:subfield>
      <marc:subfield code="y">19th century.</marc:subfield>
    </marc:datafield>
    <marc:datafield ind1="2" ind2=" " tag="710">
      <marc:subfield code="a">University of Pennsylvania Medical Dissertation Digital Library.</marc:subfield>
      <marc:subfield code="5">PU</marc:subfield>
    </marc:datafield>
    <marc:datafield ind1="2" ind2=" " tag="710">
      <marc:subfield code="a">University of Pennsylvania.</marc:subfield>
      <marc:subfield code="b">School of Medicine.</marc:subfield>
      <marc:subfield code="e">degree granting institution.</marc:subfield>
    </marc:datafield>
    <marc:datafield ind1="0" ind2="0" tag="773">
      <marc:subfield code="t">University of Pennsylvania Medical Dissertation Digital Library.</marc:subfield>
    </marc:datafield>
    <marc:datafield ind1=" " ind2=" " tag="950">
      <marc:subfield code="l">RBC</marc:subfield>
      <marc:subfield code="a">378.748</marc:subfield>
      <marc:subfield code="b">POM16.4</marc:subfield>
      <marc:subfield code="i">02/25/83 C</marc:subfield>
    </marc:datafield>
    <marc:datafield ind1=" " ind2=" " tag="955">
      <marc:subfield code="l">RBC</marc:subfield>
      <marc:subfield code="c">1</marc:subfield>
      <marc:subfield code="q">g.Univ.</marc:subfield>
      <marc:subfield code="i">02/25/83 C</marc:subfield>
    </marc:datafield>
    <marc:datafield ind1=" " ind2=" " tag="999">
      <marc:subfield code="z">CHR 1823</marc:subfield>
    </marc:datafield>
    <marc:holdings>
      <marc:holding>
        <marc:holding_id>22332490830003681</marc:holding_id>
        <marc:call_number>378.748 POM 16.4</marc:call_number>
        <marc:library>KislakCntr</marc:library>
        <marc:location>scrare</marc:location>
      </marc:holding>
    </marc:holdings>
  </marc:record>
</marc:records>